% Example
@article{citaEjemplo23,
	title={Title},
	author={Author},
	journal={Journal},
	pages={XX--YY},
	year={year},
	publisher={Publisher, Pb}
}